@inproceedings{DBLP:conf/siggraph/McGuireSW19,
  author    = {Morgan McGuire and
               Peter Shirley and
               Chris Wyman},
  title     = {Introduction to real-time ray tracing},
  booktitle = {Special Interest Group on Computer Graphics and Interactive Techniques
               Conference, {SIGGRAPH} 2019, Los Angeles, CA, USA, July 28 - August
               01, 2019, Courses},
  pages     = {13:1--13:155},
  publisher = {{ACM}},
  year      = {2019},
  url       = {https://doi.org/10.1145/3305366.3328047},
  doi       = {10.1145/3305366.3328047},
  timestamp = {Fri, 12 Mar 2021 10:54:57 +0100},
  biburl    = {https://dblp.org/rec/conf/siggraph/McGuireSW19.bib},
  bibsource = {dblp computer science bibliography, https://dblp.org}
}

@misc{Shirley2020RTW1,
  title  = {Ray Tracing in One Weekend},
  author = {Peter Shirley},
  year   = {2020},
  month  = {December},
  note   = {\small \texttt{https://raytracing.github.io/books/RayTracingInOneWeekend.html}},
  url    = {https://raytracing.github.io/books/RayTracingInOneWeekend.html}
}

@misc{ZsolnaiRendering,
  author = {K'{a}roly Zsolnai-Feh'{e}r},
  year   = {2018},
  note   = {https://users.cg.tuwien.ac.at/zsolnai/gfx/rendering-course/},
  title  = {TU Wien Rendering Course}
}

@article{c1,
  author  = {A. Keller and L. Fascione and M. Fajardo and I. Georgiev and P. Christensen and J. Hanika and C. Eisenacher and G. Nichols},
  title   = {The Path Tracing Revolution in the Movie Industry},
  journal = {ACM SIGGRAPH 2015 Courses (SIGGRAPH '15)},
  year    = {2015},
  pages   = {24}
}

@misc{c2,
  author = {Schmittler and Woop and Wagner and Paul and Slusallek},
  title  = {Realtime Ray Tracing of Dynamic Scenes on an FPGA Chip}
}

@article{c3,
  author    = {Alexander Keller and Timo Viitanen and Colin Barré-Brisebois and Christoph Schied and Morgan McGuire},
  title     = {Are we done with Ray Tracing?},
  booktitle = {Proceedings of SIGGRAPH '19 Courses},
  year      = {2019},
  pages     = {2},
  url       = {https://doi.org/10.1145/3305366.3328096}
}

@misc{c4,
  title = {Disney's Practical Guide to Path Tracing},
  year  = {2016},
  note  = {Disney},
  url   = {https://www.youtube.com/watch?v=frLwRLS_ZR0}
}

@misc{c5,
  author = {Timo Viitanen},
  title  = {Acceleration Data Structure Hardware (and Software)},
  year   = {2019},
  note   = {SIGGRAPH '19 presentation},
  url    = {https://drive.google.com/file/d/1B5fNRFwv2LsGlCBJ8oKYRiiDUtLMR4TY/view}
}

@misc{c6,
  author = {Colin Barré-Brisebois},
  title  = {State-of-the-Art and Challenges in Game Ray Tracing},
  year   = {2019},
  note   = {SIGGRAPH '19 presentation},
  url    = {https://drive.google.com/file/d/1kNzbQ7oglYQGrZz32355wU-KoizUwhqb/view}
}

@misc{c7,
  author = {Christoph Schied},
  title  = {Reconstruction for Real-Time Path Tracing},
  url    = {https://drive.google.com/file/d/1axsWueS1QgcGGzDMGW2EIZ4ECcsENkPx/view}
}

@misc{c8,
  author = {Morgan McGuire},
  title  = {From Raster to Rays in Games},
  url    = {https://drive.google.com/file/d/1yGWMBCRMKOZwJCWQ6e9HkDjVRz9CkYp8/view}
}

@article{c9,
  author = {Per H. Christensen and Julian Fong and David M. Laur and Dana Batali},
  title  = {Ray Tracing for the Movie 'Cars'},
  year   = {2006},
  note   = {Pixar Animation Studio},
  url    = {https://graphics.pixar.com/library/RayTracingCars/paper.pdf}
}

@misc{c10,
  title = {Introduction to Real-Time Ray Tracing},
  year  = {2018},
  note  = {NVIDIA},
  url   = {https://www.youtube.com/watch?v=AmMUqpjQfo0}
}

@misc{c11,
  author = {Cem Yuksel},
  title  = {Interactive Graphics 26 - GPU Ray Tracing},
  year   = {2022},
  note   = {University of Utah, YouTube},
  url    = {https://www.youtube.com/watch?v=qW6rJ0s2Xv0}
}

@misc{c12,
  author = {Cem Yuksel},
  title  = {Interactive Graphics 03 - Rendering Algorithms},
  year   = {2022},
  note   = {University of Utah, YouTube},
  url    = {https://www.youtube.com/watch?v=owx-R-Ary9I}
}